2990 4854
726 231 875 289 -416
921 259 961 270 -

256 381 293 435 In
310 381 416 452 Italis,
433 399 456 437 s.
473 389 533 453 typ.
551 403 576 439 n.

255 502 458 570 Buttenherg.

289 571 388 624 liertin
405 588 460 626 von
477 575 645 628 theoninus

254 687 418 743 hantonae.

290 756 379 812 Jehan
397 759 467 812 crea.

255 824 469 892 Lautregulor.

288 893 376 947 Jehan
394 895 492 949 datter.

254 960 441 1031 Leuglngen,
458 977 481 1015 s.
498 967 557 1030 typ.
575 979 601 1015 n.

253 1045 376 1114 holdae,
393 1045 513 1113 hestiis,
531 1046 662 1114 heyden.

288 1114 442 1182 Heynn‘cus
460 1117 583 1179 desudet.

288 1181 372 1250 Hngo
389 1185 499 1236 laueeen
517 1198 570 1237 van
586 1183 735 1239 Woerden.

289 1251 391 1314 tettae,
410 1265 432 1303 s.
450 1254 510 1318 typ.
527 1267 553 1304 n.

289 1317 343 1371 Jan
360 1319 476 1372 deversa

254 1384 386 1454 heirico,
404 1401 426 1440 s.
497 1402 547 1440 .n.

288 1453 425 1507 Abraham
498 1454 540 1508 ‘us
575 1455 639 1510 Dou
682 1457 815 1512 Samuelis

323 1524 414 1576 ttcrtae
432 1522 471 1591 (in
489 1522 644 1594 addendis).

287 1589 447 1656 Alphonsus
465 1590 500 1644 de
518 1593 587 1645 orta.

253 1657 291 1711 ln
310 1658 412 1712 castro
421 1657 628 1714 Lemovicensl
637 1661 814 1731 (Idmogcs).

288 1724 428 1780 Johannes
446 1729 548 1782 tterton.

253 1793 288 1846 Li
309 1792 384 1848 eleo.

288 1808 611 1985 interr-nun·

289 1998 431 2052 Mauritius
450 2001 565 2053 Bnndla.

287 2065 427 2120 Amoldus
444 2067 480 2120 de
498 2069 612 2122 colonia

287 2134 429 2188 Conradus
447 2137 610 2190 ttachetoten.

286 2233 320 2240 -
338 2207 367 2255 et
383 2201 517 2258 Melchior
533 2205 636 2258 Lotter.

286 2271 416 2324 Martinus
435 2273 603 2339 tantaenerg.

286 2340 395 2404 tinctae,
413 2355 435 2393 s.
453 2343 511 2408 typ.
529 2356 555 2392 n.

285 2407 419 2460 Melchior
437 2409 529 2462 leder.

286 2474 470 2544 wolfgangus
488 2477 616 2530 arnecto.

285 2543 345 2597 dac.
362 2545 486 2597 thanner.

288 2609 439 2679 Gregorius
458 2614 581 2665 warnae.

251 2677 392 2748 Ludendi,
410 2679 687 2734 Brehanthodeac.

285 2747 377 2802 Robin
395 2750 515 2814 Fouuuet

285 2815 379 2870 Robin
397 2819 509 2882 Fouuuet
528 2820 556 2870 et
573 2816 643 2871 Jean
661 2815 734 2871 Creu.

250 2883 391 2954 lrondint.

287 2951 426 3007 Johannes
445 2956 542 3008 tettou.

286 3052 316 3059 —
338 3025 367 3075 et
383 3021 465 3076 Wilh.
484 3022 520 3076 de
538 3022 689 3077 Machlinia.

287 3091 400 3154 tondtnt,
419 3095 472 3143 st
515 3107 564 3144 .n.

286 3156 449 3211 wilhelmus
488 3161 666 3214 cusentinis,

285 3225 385 3280 Julian.
406 3229 500 3281 ttotarlt
519 3231 547 3280 et
564 3227 627 3281 Joh.
646 3227 766 3281 Barbier.

286 3293 408 3350 Richard
427 3299 533 3362 meson.

285 3361 420 3434 Wynhyn
438 3363 473 3417 de
492 3365 592 3418 ttorde.

252 3430 390 3486 Lovanlt.

286 3499 393 3554 Conrad
412 3503 509 3554 Braem.

286 3567 329 3622 Ae
351 3567 421 3622 'dius
440 3583 492 3622 van
511 3565 560 3620 der
578 3567 750 3620 heeretraten.

286 3635 330 3689 Ro
352 3635 450 3704 olphus
468 3636 551 3690 tuelle
569 3635 605 3688 de
623 3632 716 3687 Driell.

287 3705 397 3770 locauit,
415 3721 436 3759 s.
455 3709 513 3774 typ.
532 3720 556 3756 n.

285 3771 475 3827 Theudoricus
494 3772 603 3827 Martini.

285 3840 444 3896 Ludovious
463 3841 498 3894 de
517 3839 651 3894 notescet.

285 3908 425 3964 Johannes
443 3911 574 3964 tieldones.

286 3975 426 4032 Oonradns
444 3977 479 4031 de
498 3974 660 4040 westphalia.

285 4044 426 4100 Johunnes
444 4045 479 4098 de
498 4042 664 4110 westphalia.

286 4143 319 4152 -
338 4118 366 4168 et
383 4113 501 4169 sodales.

250 4179 399 4250 lubecae,
417 4179 549 4234 huhcoh.

285 4249 439 4318 Stephanus
458 4251 561 4302 trudes.

285 4317 373 4372 Lucas
392 4318 498 4371 Brandtt
516 4315 551 4369 de
569 4313 676 4370 Schass.

900 391 1040 445 Mattheus
1058 395 1181 449 Brandte.

900 459 1127 516 Bartholomaeus
1145 465 1263 520 snum.

900 527 1127 584 Bartholomaeus
1157 533 1266 590 stota·
1303 544 1335 592 et
1362 541 1445 594 Lucu

935 595 1060 650 Brundis.

902 662 963 717 Gari
981 666 1088 719 thatun

902 733 1027 798 lubecae,
1046 750 1067 788 s.
1086 739 1146 802 typ.
1164 751 1192 788 n.

901 797 1038 869 Georgius
1057 804 1164 856 lttcholt.

867 882 1174 952 Lucse‚tnc1ritete
1195 889 1304 948 divini
1324 896 1439 952 Vultus.

900 952 1017 1006 lliehcel
1035 957 1173 1022 &gnanus
1191 959 1344 1017 Lucensis.

900 1020 1127 1077 Bartholon'naeus
1145 1024 1183 1078 de
1203 1029 1320 1084 civitati.

900 1087 1035 1143 Henricns
1053 1091 1089 1144 de
1108 1093 1227 1148 colonia.

900 1186 933 1193 —
951 1162 980 1210 et
997 1157 1132 1214 Henricus
1150 1160 1189 1216 de
1208 1163 1353 1220 Haarlcnn.

951 1241 1016 1295 uni.

901 1308 1004 1363 Olivicr
1021 1313 1158 1366 tenoultet.

901 1376 1028 1432 Jodoeus
1045 1378 1150 1434 Badius
1168 1385 1324 1440 kalistus.

900 1444 1042 1499 Johsnnes
1061 1449 1207 1505 Baohelier.

901 1543 932 1550 —
952 1517 981 1567 ct
997 1515 1097 1569 Petrus
1115 1516 1272 1576 Bartholot.

901 1579 1055 1636 Guillannne
1075 1586 1203 1641 Butaartn.

904 1649 1034 1704 Nicotaus
1060 1651 1096 1705 de
1123 1656 1276 1710 Benedictis
1305 1661 1333 1709 ct
1353 1654 1427 1708 Jaco-

934 1717 1015 1772 binus
1033 1718 1134 1788 Suigus
1153 1723 1191 1777 dc
1209 1723 1236 1778 S.
1255 1723 1395 1778 Germano.

900 1785 1024 1840 Boninns
1041 1787 1077 1840 ds
1096 1791 1202 1846 Bonlnta
1220 1791 1256 1845 de
1273 1789 1398 1858 Ragusia.

899 1853 993 1908 Pierre
1012 1858 1159 1912 Boettcher.

900 1921 1075 1992 Barthelsmy
1095 1928 1183 1992 noyer.

899 1989 990 2044 Janon
1008 1993 1116 2047 carcaa.

900 2057 1040 2114 Johannss
1059 2063 1136 2115 cleto.

900 2156 934 2164 —
952 2142 968 2180 e
986 2128 1068 2182 Piero
1085 2127 1177 2182 Himol.

900 2193 989 2248 Jehan
1008 2195 1097 2264 duent.

900 2261 971 2316 dean
989 2265 1154 2330 duamantter.

900 2329 1042 2386 Johannes
1060 2334 1131 2386 Fabri
1149 2328 1314 2384 Alamannus.

900 2398 971 2452 Jean
989 2400 1024 2453 de
1041 2400 1067 2450 la
1084 2399 1212 2448 fontaine.

901 2466 1060 2519 Franciscus
1078 2463 1177 2515 Fradtn.

901 2531 1028 2586 Claudius
1046 2531 1163 2584 hiboletl.

900 2600 990 2652 Sixtus
1009 2598 1214 2666 dlogtengieaer.

899 2667 1015 2718 Lazarus
1033 2666 1126 2720 David
1143 2664 1298 2723 seculuro.

898 2731 1054 2800 Stephanus
1072 2736 1218 2802 eueynuard
1236 2730 1299 2785 alias
1315 2724 1394 2779 Pinet-

899 2819 974 2870 ttusz.

898 2884 1031 2940 Martinus
1051 2891 1117 2942 ttuaz
1136 2890 1170 2943 de
1188 2887 1298 2940 Botwar.

897 2983 926 2991 -
949 2958 979 3006 ot
995 2954 1137 3012 Johannes
1155 2956 1236 3010 Sibcr.

897 3021 1023 3076 Matheus
1043 3026 1116 3079 ttuee

898 3089 1015 3212 Matliilas
1034 3094 1100 3147 ttusz
1119 3098 1148 3147 ct
1164 3089 1295 3146 Johaunes
1306 3077 1406 3132 Batten-

932 3174 964 3212 sc
1002 3175 1025 3213 e.

898 3257 932 3264 —
950 3231 979 3281 et
996 3227 1085 3282 Jehan
1103 3224 1263 3284 Schabeller.
1355 3277 1361 3292 ,

898 3294 1054 3350 Anthonius
1075 3295 1240 3352 tantilltoute
1257 3291 1284 3341 et
1302 3281 1407 3336 Manilii

933 3363 1092 3419 Saracenos.

898 3433 1014 3487 Perinus
1033 3435 1153 3487 [athomi.

898 3500 998 3554 Petrus
1017 3503 1111 3555 latomi
1130 3507 1158 3555 et
1175 3496 1248 3553 socii.

900 3566 1023 3622 Bonetus
1042 3571 1193 3624 locatellus.

898 3637 1021 3771 etthi
1039 3641 1142 3758 titt.
1155 3654 1180 3691 ¹¹·

898 3770 968 3824 Jean
986 3774 1138 3826 ttareeehat.

900 3869 931 3876 —
951 3842 980 3892 et
996 3839 1120 3894 Burnum
1138 3827 1293 3895 chaussard·

898 3906 929 3960 P.
948 3907 1081 3961 nichautt.

899 3976 986 4029 ttrtuin
1006 3979 1034 4029 et
1052 3974 1189 4030 Schench.
1249 4037 1254 4050 ⁸

898 4043 1028 4098 Nicotaus
1037 4043 1159 4112 Philippi
1168 4042 1270 4098 Pleione
1279 4033 1305 4084 et
1313 4023 1404 4079 Marcus

933 4111 1072 4165 Rcinhart.

898 4178 1009 4248 Aymou
1027 4179 1063 4234 de
1082 4182 1167 4236 eous.

899 4246 1052 4302 Guillaume
1070 4248 1096 4302 le
1116 4251 1175 4316 noy.

898 4315 1021 4371 Jacobus
1039 4318 1150 4372 saecun.
