3004 4856
650 276 841 336 ..5-

155 435 298 521 Alyatte,
321 442 430 516 Allato,
451 442 629 517 Alexander,
653 443 689 504 de
711 444 886 505 Mediolano.

244 521 383 603 Parisiis,
410 527 503 586 1497:
526 530 719 602 Bonvioinus,
742 531 803 587 vita
825 530 1009 590 scholastica.
1032 534 1123 591 3657.
1146 534 1327 608 -Statius,

284 611 439 670 Achilleis.
465 613 575 671 14988.

241 693 404 774 (Parisiis),
432 698 521 769 1499,
544 699 571 756 3.
587 699 683 756 Mart:
706 699 803 756 Proba
824 700 978 774 Falconis,
1001 705 1147 761 centones,
1172 705 1262 762 6908.
1287 737 1327 746 ·-

287 783 311 839 1.
327 783 420 857 Aug:
443 782 623 858 Olecphilus,
646 783 683 840 de
707 787 790 842 coetu
813 788 972 858 poetarum.
996 786 1086 844 5454.

242 863 372 943 Parisiis,
398 867 492 925 1500:
514 868 700 942 Augustinus,
723 867 760 926 de
783 869 843 927 vita
866 869 1031 930 christiana.
1055 872 1145 928 2101.

155 1000 193 1058 08
215 995 431 1082 Amborgau,
454 1001 557 1060 Adam.
600 1003 740 1076 Magister
761 1003 860 1062 Adam
882 1005 1051 1081 Ambergau
1073 1010 1167 1066 natus.

240 1084 413 1164 (venetiis),
443 1105 464 1145 s.
488 1106 528 1145 a:
551 1087 659 1159 Datus,
690 1089 894 1162 elegantiolac.
917 1091 1008 1148 5987.
1031 1093 1258 1166 -Vergorius,
1289 1093 1325 1152 de

281 1172 419 1245 ingenuis
434 1172 570 1230 moribus.
597 1173 707 1230 15986.
723 1206 764 1216 -
780 1175 988 1248 Zovenzonius,
1011 1193 1129 1234 carmen
1143 1178 1174 1234 iu
1189 1177 1324 1236 Turoum.

240 1337 359 1413 (Heluio
376 1338 499 1419 Romae,
522 1338 591 1404 aliis
606 1339 761 1419 venetiis),
788 1343 880 1401 1471:
903 1345 1080 1418 Lactantius,
1096 1363 1193 1421 opera.
1216 1348 1325 1406 *9809.

240 1423 405 1503 (Veneliis),
433 1427 525 1484 1472ε
549 1427 660 1500 Cicero,
684 1429 837 1487 orationes.
861 1429 969 1486 *5123

238 1527 264 1576 8.
288 1526 327 1589 8.,
351 1509 523 1586 (1888111811
546 1512 655 1584 Datus,
677 1514 872 1587 elegantiolae
894 1515 1004 1588 (littera
1027 1517 1055 1574 A
1077 1517 1107 1573 in
1129 1515 1206 1590 fine).
1234 1517 1325 1576 5979.

243 1597 335 1656 1471:
359 1597 470 1670 Cicero,
493 1596 619 1672 epistola
641 1597 708 1660 fam.
731 1598 822 1656 5169.

151 1731 184 1787 in
207 1733 348 1791 canonica
370 1733 406 1791 D.
421 1728 604 1795 Ambrosii
626 1733 661 1792 cf.
684 1733 853 1792 Mediolani.

74 1921 79 1926 .
153 1866 190 1924 de
213 1861 432 1948 Amorbach,
461 1868 624 1941 lohannes,
646 1869 888 1941 Amerbaoensis,
911 1869 1156 1942 Amorbacchius,
1179 1872 1324 1946 Lapidani

281 1953 428 2027 quondam
451 1953 620 2029 discipulus.

242 2051 390 2130 88811888,
413 2072 434 2112 8.
450 2073 488 2112 a:
504 2055 580 2113 Aen.
595 2053 723 2128 Sylvius,
738 2060 896 2131 praecepta
911 2055 979 2113 artis
994 2053 1166 2114 rhetoricae.
1189 2057 1326 2114 *211-

282 2139 365 2214 Bapt.
388 2140 544 2211 Mantuam,
567 2139 604 2197 de
627 2141 841 2199 calamitatibus
863 2145 1032 2216 temporum.
1055 2141 1163 2199 *2379
1183 2176 1217 2184 -
1241 2143 1325 2202 Oom-

281 2223 418 2298 pendium
447 2228 513 2282 octo
543 2226 668 2298 partium
695 2227 841 2284 orationis.
876 2225 984 2287 *5564
1008 2259 1046 2267 -
1077 2225 1183 2299 Datus,
1207 2229 1325 2302 elegan-

281 2309 379 2366 tiolae.
401 2309 510 2367 *5983.
526 2343 567 2351 -
582 2310 608 2368 J.
624 2309 660 2367 de
676 2309 797 2385 Lapide,
821 2328 868 2368 ars
883 2311 981 2384 logica
996 2309 1152 2385 Porphyrii
1164 2315 1193 2369 et
1203 2312 1324 2371 Aristot.

282 2393 392 2452 *9919
418 2394 527 2452 13300.

243 2479 338 2536 1486;
361 2479 571 2554 Compendium
587 2484 652 2538 octo
667 2479 791 2554 partium
807 2480 953 2538 orationis.
977 2480 1068 2538 5567.
1085 2513 1125 2522 -
1141 2480 1324 2556 Philelphus,

283 2564 447 2638 epistolare.
470 2565 599 2622 *12970

242 2648 339 2720 1487,
372 2648 463 2706 1488ε
491 2650 556 2708 Nic.
571 2649 782 2719 Panormitam,
810 2648 924 2706 lectura
952 2666 1039 2724 super
1070 2650 1087 2708 5
1111 2650 1202 2708 libros
1225 2650 1324 2709 decre·

282 2733 392 2791 talium.
415 2733 544 2792 *12315

242 2817 337 2875 1489;
365 2819 562 2891 Augustinus,
591 2818 768 2893 psalmorum
798 2819 974 2893 explanatio.
1013 2819 1102 2876 1971.
1131 2851 1173 2864 --
1202 2818 1255 2890 id.,
1287 2818 1324 2876 de

139 2905 140 2908 ’
281 2903 417 2960 trinitate.
442 2904 533 2960 2037.
547 2900 782 2976 -Ρ1111818188,
798 2904 963 2978 epistolare.
985 2904 1085 2960 *1297
1088 2904 1115 2960 4.
1127 2937 1168 2946 -
1183 2903 1225 2960 10.
1238 2903 1323 2964 Febr.

282 2987 343 3059 (13.
359 2987 464 3062 Febr),
487 2988 677 3062 Augustinus,
701 2986 737 3044 de
760 2988 878 3046 civitate
901 2989 955 3046 dei.
980 2989 1071 3045 2064.

242 3071 334 3128 14908
357 3072 547 3146 Augustinus,
570 3072 606 3130 de
629 3072 765 3132 trinitate.
788 3073 896 3130 *2039
920 3106 961 3114 -
983 3072 1026 3133 10.
1041 3073 1126 3130 Febr.
1141 3071 1203 3149 (13.
1219 3072 1324 3146 Febr.):

280 3157 470 3230 Augustinus,
493 3156 530 3214 de
553 3158 670 3215 civitate
693 3156 880 3216 081.*2066.

216 3305 218 3310 ,
241 3240 334 3298 1491τ
357 3240 552 3314 Cassiodorus,
575 3259 674 3316 expos.
697 3243 727 3298 in
749 3242 924 3317 psalterium.
947 3242 1055 3300 *4574

241 3325 333 3383 1492;
356 3326 535 3399 Ambrosius,
552 3345 648 3401 opera.
671 3323 758 3384 *896.
775 3361 815 3369 -
831 3328 987 3400 Tambaco,
1003 3327 1227 3386 consolatorium
1242 3325 1323 3385 theo·

280 3411 338 3484 log.
360 3411 490 3468 *15237

241 3495 333 3553 1493;
356 3495 555 3570 Augustinus,
586 3497 735 3572 epistolae.
772 3497 881 3554 *1969.
910 3530 953 3538 ——
983 3495 1037 3570 10,
1066 3498 1244 3571 psalmorum
1274 3513 1323 3554 ex·

279 3581 419 3655 planatio.
456 3583 544 3640 1972.

241 3665 328 3737 1494,
355 3665 449 3725 1495:
472 3667 661 3741 Augustinus,
685 3683 848 3724 sermonum
871 3684 967 3741 opera.
989 3666 1098 3723 *2008

241 3751 334 3808 14948
357 3751 542 3826 Trithemius,
566 3750 603 3808 de
626 3751 814 3826 scriptoribus
836 3751 1050 3810 ecclesiasticis.
1073 3751 1203 3808 *15613

240 3835 334 3894 1495:
357 3837 438 3909 Eyb,
461 3837 619 3911 margarita
640 3841 716 3911 poet.
746 3835 854 3894 *6825
876 3870 919 3880 -
945 3835 1135 3910 Philelphus,
1158 3836 1323 3910 epistolare.

280 3922 410 3979 *12979

241 4007 333 4065 1496;
358 4010 505 4080 Petrarca,
527 4026 624 4084 opera.
651 4009 761 4066 12749.

240 4093 332 4150 1497;
355 4094 545 4167 Augustinus,
569 4095 737 4169 explanatio
759 4096 943 4169 psalmorum.
966 4094 1075 4151 *1975
1104 4129 1127 4135 ·—
1161 4093 1323 4166 Cassianus,

280 4178 316 4236 de
348 4180 485 4238 institutis
513 4180 725 4238 coenobiorum.
763 4179 855 4237 4564.
885 4211 926 4220 -
958 4177 1117 4250 Paraldus,
1148 4196 1259 4237 summa
1287 4179 1323 4236 de

279 4264 376 4321 virtut.
400 4269 429 4322 et
451 4265 537 4327 vitiis.
559 4266 689 4323 *12390

240 4349 462 4408 1498-1502:
485 4350 582 4410 Biblia
604 4352 655 4410 181.
678 4367 742 4412 cum
764 4350 884 4429 postilla
905 4350 1037 4430 Hugcnis
1060 4348 1144 4409 Card.
1175 4347 1267 4409 3175.
