2990 4854
683 231 917 289 -414-

244 399 364 454 William
381 399 485 452 carlou

246 469 367 525 coloniae
385 481 407 520 s.
425 467 485 533 typ.
502 480 528 516 n.

245 538 365 593 coloniae
383 533 458 602 apud
476 532 502 586 S.
520 529 702 585 Laurentium.

246 605 367 661 coloniae
384 605 457 656 retro
475 599 602 653 minores.

246 674 367 730 coloniae
384 669 459 738 apud
476 666 686 736 praedicatores.

247 742 377 805 coloniae,
394 735 586 808 typographus
603 735 721 801 ignotus.

247 809 369 866 Goiswin
387 809 454 873 (laps
472 805 508 858 de
526 801 705 857 Enslrirohen.

246 876 377 934 Nieolaua
395 877 457 930 tota
475 873 510 927 de
528 871 664 927 Sletustat.

247 946 386 1002 Johannes
405 942 589 998 hultausehail.

247 1013 356 1070 Conrad
374 1010 519 1081 (Winters)
537 1008 573 1062 de
592 1007 739 1062 homborch.

248 1082 382 1137 Henrieus
401 1079 436 1132 de
455 1079 554 1131 hasela.

248 1150 388 1206 lohannes
407 1146 519 1200 lioellrall
537 1148 615 1212 pater
633 1146 661 1195 et
678 1140 757 1194 filius.

248 1217 389 1273 lohannes
407 1216 515 1268 tantan.

249 1287 348 1340 Petrus
364 1284 392 1336 in
409 1281 482 1335 Altis
500 1281 536 1334 de
554 1281 623 1345 alpe.

249 1352 385 1409 Henrieus
403 1350 525 1416 ooaulell.

250 1420 408 1477 Lodovious
426 1417 462 1471 <le
481 1419 606 1471 Reuehau.

251 1489 390 1546 (herardus
408 1490 459 1541 lau
479 1490 553 1540 llaau
572 1484 607 1538 de
625 1480 725 1535 Barka.

251 1559 432 1615 theotarlaua.

252 1626 392 1682 Arnoldus
410 1624 597 1678 lharhaarrran.

252 1693 476 1750 Bartholomaeus
494 1690 530 1743 de
549 1687 649 1742 huelel.

252 1763 392 1819 Johannes
410 1761 541 1814 valiauer.

252 1831 396 1886 Udalrieus
414 1829 473 1882 zell.

219 1935 309 1991 Come
340 1928 434 1997 (iuml,
453 1943 474 1982 s.
492 1931 552 1996 typ.
570 1942 596 1980 n.

256 1966 388 2056 Baloiesar
406 1997 441 2050 de
461 1997 575 2050 fossato.

254 2067 422 2124 Ambroxius
440 2064 475 2118 de
488 2066 572 2118 oraha
591 2066 619 2116 et
631 2058 781 2128 Dionysius

289 2137 325 2190 de
342 2133 515 2189 Paraveaiuo.

222 2206 337 2274 Gratis,
356 2201 530 2269 cracoviae,
548 2216 569 2253 s.
588 2204 647 2268 typ.
665 2213 690 2249 n.

256 2274 396 2330 lohannes
415 2271 505 2324 llaller.

257 2339 395 2409 Georgius
413 2339 515 2392 Sluoha.

224 2413 400 2475 Cremonae,
419 2421 440 2459 s.
458 2409 517 2474 typ.
536 2419 561 2456 n.

257 2476 370 2533 Carolus
388 2490 404 2528 a
423 2473 543 2526 narlerlis
561 2465 759 2523 Cremonensis.

257 2548 357 2600 Petrus
376 2542 481 2595 tlaalar.

259 2610 441 2668 Bernardinus
460 2608 496 2662 de
516 2605 624 2661 lliaiutis
642 2607 671 2657 et
688 2601 787 2656 Caesar

293 2677 454 2735 Parmensis.

258 2747 409 2818 Dionysius
422 2745 458 2798 de
471 2743 625 2798 Parareaiuo
638 2743 666 2794 et
675 2736 787 2806 Stepha-

293 2833 344 2872 nus
362 2815 398 2870 ‹le
416 2812 536 2868 llerlinis
555 2810 590 2864 de
607 2807 727 2862 Leuoho.

260 2890 404 2968 Basaynua
422 2885 536 2951 liuparus
561 2883 589 2933 et
610 2877 709 2932 Caesar
725 2875 789 2928 Par-

294 2969 403 3009 menore.

226 3023 312 3094 hputl
341 3021 371 3077 S.
391 3016 570 3076 Guouiatum
591 3011 689 3070 Vallis
718 3011 788 3064 Are·

295 3092 397 3160 tanae,
415 3104 436 3142 s.
454 3091 514 3156 typ.
532 3100 558 3137 n.

228 3157 436 3223 culemhnrgi.

262 3229 401 3285 lohannes
420 3225 550 3278 llaldauer.

263 3299 449 3364 oullamtourp,
468 3307 490 3345 s.
508 3296 568 3359 typ.
586 3304 611 3340 n.

228 3363 399 3425 Gusoutiae.

263 3432 427 3490 Octavianus
445 3426 606 3482 salomonius
625 3422 659 3476 de
678 3419 791 3475 llanfre-

298 3500 388 3555 donia.

228 3584 424 3644 llaventrlae.

263 3652 386 3712 Jaoobus
404 3650 439 3704 de
458 3649 548 3701 litata.

264 3723 423 3849 titillet
437 3721 585 3840 hiltun·

229 3859 368 3986 llessphls,
386 3853 485 3922 aelst,
504 3868 525 3906 s.
544 3855 602 3920 typ.
620 3863 646 3900 n.

292 3942 399 3984 enneus
418 3923 509 3978 talari
526 3933 579 3972 van
596 3912 760 3970 llomberoh.

264 3997 386 4055 Jaeobus
404 3993 571 4048 laeetaaoan.

264 4097 298 4107 -
316 4082 350 4120 en
368 4059 511 4118 Mauritius
528 4055 736 4109 Yemantozoen.

266 4133 434 4189 Christianus
453 4125 586 4182 Suellaarl.

232 4202 407 4258 Ilivlulone.

266 4271 365 4324 Petrus
385 4267 524 4330 llallluper.

232 4337 340 4406 nolae,
359 4351 381 4391 s.
399 4339 458 4403 typ.
476 4346 502 4383 n.

821 384 995 442 liriortllae.

856 453 1029 522 Heyderieus
1047 456 1076 505 et
1093 450 1201 504 Mareus
1219 453 1305 515 turer.

858 524 988 576 triordiaa
1006 537 1028 574 s.
1046 524 1106 588 typ.
1124 535 1150 571 n.

857 589 1017 658 Wolffgang
1034 589 1160 643 Stheneli.

858 659 933 712 Hans
950 660 1052 723 sporar.

857 725 1008 794 Wolfgang
1025 726 1162 779 Sthlrmar.

858 794 961 847 Paulus
980 795 1061 847 illiar-
1079 792 1114 845 de
1132 789 1290 846 Horubaeh.

825 862 995 930 llssllngae,
1013 877 1035 915 s.
1053 865 1113 930 typ.
1132 875 1158 912 u.

860 929 1002 984 Conradus
1021 933 1106 994 synar.

860 999 999 1053 lohannes
1018 1000 1070 1064 llup
1089 997 1125 1050 de
1143 995 1340 1064 Goeppiugen.

826 1065 963 1121 Eustatlil
995 1082 1017 1120 s.
1036 1070 1096 1134 typ.
1114 1081 1139 1118 u.

861 1100 977 1189 Miehaei
997 1138 1096 1200 uerear.

829 1252 914 1308 Fani.

863 1324 958 1376 horson
975 1319 1048 1374 filius
1065 1320 1100 1373 R.
1117 1319 1204 1373 llosis
1221 1316 1365 1370 Soneinas.

829 1389 980 1444 Felsinae.

863 1457 1018 1511 Baaalerius
1036 1456 1072 1509 de
1091 1455 1237 1509 Bazalariia.

830 1525 1002 1580 Ferrariae.

865 1595 986 1648 abraham
1004 1590 1076 1646 lilius
1094 1592 1126 1645 R.
1146 1589 1258 1659 Ghajim.

864 1663 962 1715 Petrus
974 1660 1011 1714 de
1023 1663 1152 1726 lraueayo
1165 1664 1194 1712 et
1204 1657 1351 1712 lohannes
1364 1653 1398 1708 de

899 1729 1033 1783 Tornaeo.

865 1797 990 1851 Andreas
1009 1797 1135 1850 Ballortis.

865 1865 1038 1935 Augustinus
1056 1864 1200 1918 carrarias.

867 1935 1006 1998 ferrariae,
1025 1948 1047 1986 s.
1066 1936 1126 2001 typ.
1144 1948 1169 1984 n.

867 2001 1013 2057 severinus
1032 2000 1209 2054 ferrariensis.

866 2070 1007 2125 lohannes
1025 2071 1147 2123 Picarias
1166 2066 1202 2120 de
1220 2065 1338 2119 llamell.

866 2137 1028 2192 Laurentius
1046 2137 1081 2190 de
1100 2137 1191 2190 liuhais
1209 2134 1245 2188 de
1263 2133 1399 2188 Valentia.

868 2238 901 2246 —
920 2210 948 2260 et
965 2205 1090 2258 Andreas
1107 2204 1143 2258 de
1161 2203 1279 2258 Grassis.

834 2273 1022 2329 Florentiae.

867 2341 1028 2463 Laurrtanlius
1046 2339 1183 2394 Francisei
1203 2338 1238 2392 de
1251 2339 1331 2404 lllopa
1345 2336 1400 2390 Ve-

905 2427 940 2464 ne
954 2425 994 2463 us.

870 2477 1029 2532 Leonardus
1048 2476 1083 2530 de
1096 2477 1177 2542 lupis
1195 2475 1231 2528 de
1241 2473 1398 2528 Georiaeo.

872 2547 991 2600 Maestro
1020 2548 1047 2598 Β.
1065 2543 1094 2597 (11
1121 2543 1274 2596 l'rauoeseo
1302 2539 1399 2595 elerico

907 2613 1073 2667 Florentino.

873 2682 976 2736 Zauobi
993 2680 1067 2734 della
1085 2681 1174 2733 Barba.

874 2751 1084 2806 Bartholomaeus
1117 2745 1264 2816 presbyter
1292 2745 1401 2798 Floren-

907 2819 990 2872 tinus.

874 2887 924 2942 Ser
940 2885 1102 2940 Franciseus
1120 2883 1311 2938 lionaeeursiua
1328 2894 1401 2948 pres-

908 2955 927 3009 b
948 2959 998 3008 ter.

874 3054 908 3062 -
926 2971 954 3076 gt
971 3020 1107 3075 Antonius
1125 3017 1264 3072 Franoisei
1272 3017 1403 3071 Venetus.

875 3091 1014 3147 lohannes
1031 3089 1129 3142 Petrus
1152 3088 1187 3141 de
1206 3087 1353 3140 Bouomluls
1370 3083 1405 3136 ‹le

910 3158 1049 3214 Cremona.

876 3227 925 3282 Ser
942 3227 1049 3294 Jaeopo
1068 3223 1177 3293 (caroli)
1197 3222 1226 3275 di
1243 3220 1331 3275 Carlo.

876 3326 910 3334 -
928 3300 956 3350 et
973 3295 1072 3378 tetrus
1090 3289 1217 3346 Houoirii
1241 3289 1277 3343 de
1302 3289 1405 3342 Bonae·

912 3379 1007 3418 eursrs.

877 3430 1032 3486 Beruardus
1050 3429 1177 3484 conuiuas
1201 3429 1230 3482 et
1246 3423 1408 3478 Dominiens

913 3500 971 3555 eius
989 3498 1068 3552 filius.

878 3567 1032 3622 Franeesoo
1051 3565 1080 3618 di
1098 3566 1168 3620 illue.

879 3637 1032 3704 Florentiae,
1051 3650 1073 3688 s.
1091 3636 1151 3702 typ.
1169 3647 1196 3712 ιι..
1313 3696 1320 3710 ο

879 3699 1210 3852 :ulutatu
1220 3697 1379 3832 leuat:

879 3840 1017 3900 Antonius
1035 3837 1163 3893 francisci
1184 3834 1315 3889 Venetus.

880 3909 916 3962 M.
935 3910 1039 3962 Franco.

880 3975 1026 4044 Philippus
1043 3973 1079 4027 de
1097 3975 1194 4028 hlauta.

882 4043 1037 4100 Gherardus
1055 4041 1091 4095 de
1110 4043 1215 4095 llarlaur.

883 4113 947 4166 Don
966 4112 1062 4178 lpolilo.

882 4180 1012 4235 Nieolaus
1030 4178 1157 4232 laurentii
1175 4175 1335 4228 Alema-nus.

882 4247 1108 4368 ῗιὶῑὶιοωιιιπιιε
1128 4244 1164 4298 de
1182 4245 1268 4297 llhrla.
