3004 4856
659 234 849 291 -4-

171 400 208 459 de
230 397 463 483 Alexandria,
487 403 729 464 Bartholomaeus
752 405 788 464 of.
811 405 847 464 de
871 407 980 464 Blavis.

170 519 207 579 de
229 515 461 605 Alexandria,
484 522 613 582 Thomas
636 522 672 583 ef.
695 524 731 583 de
754 525 863 583 Blavia.

167 636 445 721 Alexandrinus,
469 641 616 702 Gerardus
639 643 674 702 es.
699 642 735 703 de
758 644 924 718 Oomitibus,
947 646 1073 704 Marsus.

166 755 460 906 Alexanpllflnug'·
482 765 676 838 Hieronymus
710 763 746 822 of.
779 765 919 837 Moretus,
952 765 1116 838 Antonius,
1157 769 1186 823 et
1221 767 1340 825 Hieron.

339 865 415 906 exau
437 867 525 908 rmus.

167 960 444 1047 Alexandrinus,
466 967 604 1040 Thomas,
626 967 800 1028 Thomasius
822 967 858 1027 of.
882 967 919 1027 de
941 969 1050 1028 Blavis.

168 1079 287 1148 Allale
310 1083 346 1144 of.
369 1085 489 1159 Alyate.

166 1179 403 1346 Alipraptiusl,
425 1206 595 1265 Vincentius
618 1207 653 1266 of.
676 1207 819 1266 Henrious
842 1206 1003 1266 Germanus
1026 1211 1055 1265 ot
1076 1206 1187 1266 Sebast.
1211 1226 1248 1267 ox
1263 1210 1339 1268 Pon·

307 1306 387 1348 remu
402 1307 427 1348 o.

169 1402 316 1488 Alissol,
338 1408 433 1467 Jehan
456 1408 492 1467 of.
515 1410 609 1469 Levet
631 1414 660 1469 et
683 1411 805 1469 Alissot.

167 1521 355 1606 Almaniei,
377 1526 527 1586 Johannes
550 1531 578 1586 et
600 1529 744 1587 Hemious
767 1527 802 1587 ef.
825 1527 982 1588 lohannes.

168 1644 204 1702 de
226 1640 459 1724 Almollovar,
481 1646 637 1720 Martinus,
661 1646 721 1705 ord.
745 1647 921 1706 calatravae
945 1647 982 1706 ef.
1005 1647 1041 1705 de
1065 1648 1196 1720 Colonia,
1218 1650 1337 1709 Paulus.

167 1762 204 1821 de
226 1758 351 1842 Alope,
373 1763 546 1824 Laurentius
567 1766 724 1837 Franoisei
747 1766 888 1840 Venetus,
918 1766 1092 1824 Laurentius
1115 1767 1279 1826 Fransoisoi
1302 1768 1338 1827 de

293 1847 432 1921 venetiis,
455 1850 629 1909 Laurentius
651 1851 788 1909 Venetus.

253 1929 436 2010 Florentiae,
460 1952 480 1993 s.
504 1954 541 1993 a:
564 1936 724 2009 Dionysius
746 1936 943 2010 Areopagita,
974 1934 1011 1993 de
1033 1936 1156 2008 mystiea
1178 1935 1336 2010 theologia.

293 2018 402 2076 *6234
419 2053 458 2062 -
474 2021 600 2093 Fioinus,
623 2020 825 2096 oompendium
847 2021 878 2078 in
893 2021 1052 2078 Timaeum.
1076 2021 1167 2077 7077.
1185 2053 1223 2062 -
1241 2023 1336 2094 Plato,

293 2119 383 2177 opera
405 2105 456 2166 lat.
478 2106 608 2163 *13062
634 2104 744 2166 13068.

254 2187 343 2260 1494,
366 2189 393 2246 3.
409 2189 451 2247 Id.
474 2191 550 2264 Aug.
573 2191 634 2264 (11.
650 2191 754 2265 Aug.):
777 2190 960 2265 Anthologia
982 2209 1096 2265 graeoa.
1119 2190 1229 2248 *1145.

254 2273 343 2345 1496,
367 2275 394 2331 2.
409 2274 494 2333 Dee:
516 2276 642 2348 Fieinus,
665 2293 766 2334 oomm.
788 2277 820 2333 in
841 2277 1003 2338 Platonem.
1027 2277 1136 2333 *7076.

250 2371 276 2420 8.
300 2371 344 2421 n.:
368 2358 497 2418 Gnomae
520 2364 549 2418 et
570 2361 705 2420 Musaeus
728 2380 770 2436 gr.
794 2362 884 2418 7787.

251 2442 287 2519 (1.
313 2443 418 2517 1496);
441 2445 646 2518 Callimachus,
669 2445 770 2520 hymni
792 2465 833 2521 gr.
856 2447 948 2504 4266.
971 2478 1013 2487 -
1036 2446 1198 2521 Euripides,
1220 2449 1335 2520 tragoe-

293 2527 359 2586 diae
382 2529 423 2586 lV
444 2548 485 2604 gr.
508 2531 616 2588 *6697.

251 2610 430 2689 florentiae,
457 2615 549 2674 1496:
573 2616 751 2690 Apollonius
774 2615 913 2687 Rhodiae,
936 2615 1138 2688 Argonautica
1161 2633 1202 2689 gr.
1226 2617 1334 2673 *1292Ι

422 2693 461 2749 01.
479 2695 587 2759 Tubini,
606 2697 728 2750 Lorenzo
747 2696 775 2749 di
793 2695 947 2749 Franoesoo
966 2699 993 2748 et
1011 2695 1096 2748 Andr.
1109 2694 1316 2764 Ghyrardengo.

165 2817 304 2875 appresso
327 2797 564 2864 almunistero
587 2801 616 2860 di
639 2803 764 2877 Fuligno
788 2801 823 2860 of.
847 2801 877 2860 di
899 2801 986 2859 Dino.

165 2911 378 2998 AlostensiS,
401 2919 574 2979 Theodorus
597 2920 633 2979 of.
656 2922 781 2980 Martini.

164 3032 292 3117 Alosli,
315 3037 410 3109 Aelst,
433 3038 567 3112 (1.1473
590 3041 641 3098 vel
667 3039 772 3116 1474):
796 3041 985 3113 Augustinus,
1008 3038 1044 3097 de
1069 3039 1249 3113 aspiratione
1272 3041 1333 3097 ani-

292 3139 357 3179 mae
380 3121 534 3182 addeum.
558 3125 648 3182 2026.

252 3205 345 3264 1496;
368 3206 512 3280 01111111,
535 3226 646 3268 summa
668 3211 810 3285 angelica.
834 3209 926 3267 5398.

163 3327 194 3383 in
214 3321 322 3404 Altis,
345 3325 448 3384 Petrus
471 3325 508 3384 of.
531 3325 616 3403 Olpe.

163 3439 348 3506 Aluuisius
378 3443 415 3502 de
437 3445 545 3504 Saneta
567 3446 673 3518 Luoia,
704 3446 741 3505 de
764 3451 896 3505 eontrata
918 3446 1052 3505 8111111
1074 3447 1219 3518 Venetus,
1251 3447 1282 3502 in
1304 3448 1335 3503 la

291 3531 393 3586 eontra
415 3529 445 3588 di
467 3531 495 3589 S.
511 3531 610 3590 Luoia.

247 3610 389 3690 tenellis,
412 3632 434 3673 s.
457 3634 495 3673 a:
517 3617 641 3674 Hermes
663 3616 880 3690 Trismegistus,
903 3617 1118 3690 oentiloquium.
1141 3614 1249 3672 *alsa

251 3699 340 3774 1492,
363 3717 381 3756 1
403 3699 433 3757 di
455 3700 545 3758 Zobia
560 3700 690 3760 Oalende
713 3700 742 3758 di
764 3703 887 3760 Maroio:
911 3702 1075 3760 cesariano.
1099 3700 1190 3757 4890.
1207 3732 1248 3740 -
1265 3701 1334 3757 Kal.

289 3784 368 3842 lun:
391 3784 584 3858 Albubather,
607 3784 644 3843 de
666 3786 872 3844 nativitatibus.
896 3784 985 3842 *607.

125 3921 130 3932 ·
161 3897 293 3982 Alvise,
315 3901 440 3962 Alberto
463 3901 498 3962 of.
521 3903 636 3975 Alviss,
659 3903 757 3961 Zuane
780 3921 795 3961 1
817 3903 951 3961 Alberto.

161 4015 294 4101 Allise,
317 4021 441 4080 Gioanni
464 4039 480 4079 e
503 4022 665 4096 compagni.

246 4105 391 4184 Veronae,
417 4105 506 4177 1478,
529 4105 578 4164 25.
593 4106 671 4164 Jun:
694 4105 830 4180 Aesopus
851 4105 970 4164 tabulae
992 4106 1090 4164 italiae
1113 4107 1214 4164 stlat.
1242 4105 1333 4165 344⁵.

160 4218 292 4304 Alvlse,
314 4225 420 4298 Zuane,
443 4241 459 4282 e
481 4223 606 4282 Alberto
629 4217 748 4282 11111111.

244 4307 388 4388 Veronae,
411 4325 433 4368 s.
456 4327 494 4367 a:
517 4309 719 4382 Romanellus,
741 4307 849 4382 rythmi
871 4307 1016 4385 vulgares.
1044 4309 1155 4368 13962
