3004 4856
693 251 908 310 ...26-

214 416 251 475 de
266 411 484 494 Bezoleriis‚
507 415 686 487 Bazalerius
708 414 888 474 Bacielerius
911 415 947 475 de
969 417 1147 492 Bacieleriis,
1169 417 1333 477 Banalerus
1360 417 1405 476 de
1483 428 1485 480 1

343 500 501 571 Banaleris,
524 500 677 557 Bazaliero
700 498 737 557 de
760 500 914 558 Bazalieri.
1484 495 1485 526 ³

302 579 394 664 Regii,
420 590 514 648 1489:
537 584 647 655 Cicero,
670 583 707 642 de
730 582 909 644 divinatione
933 588 962 643 et
984 584 1021 643 de
1042 585 1167 660 legibus.
1199 592 1293 651 5339.

300 667 453 746 Felsinoe,
485 674 579 732 1489:
613 667 803 744 Philelphus,
825 687 932 728 novum
954 671 1161 745 epistolarium.
1194 671 1327 735 *19975
1352 705 1404 714 -

344 762 391 818 12.
414 755 482 812 Kal.
498 754 570 812 Dec.
593 753 647 828 (20
661 754 762 829 Nov.):
785 753 821 812 de
844 753 1010 829 Manfredis,
1034 757 1246 831 centiloquium
1269 755 1307 815 de
1331 775 1402 816 me-

343 839 416 898 dicis
438 842 467 898 et
489 837 617 896 infirmis.
654 844 765 902 10692.

301 920 464 1001 Bononiae,
490 930 585 987 1490:
608 924 718 996 Cicero,
740 925 772 980 in
793 923 922 982 Verrem.
956 930 1047 987 5132.

302 1016 398 1084 1491,
423 1009 547 1083 iringa
570 1008 619 1082 (A.
635 1009 805 1083 Victorius),
833 1009 1025 1084 repertorium
1047 1009 1190 1068 dictorum
1212 1011 1400 1070 Aristotelis.

342 1095 450 1159 *1934

302 1186 399 1252 1493,
431 1185 480 1242 28.
502 1178 570 1236 Kal.
594 1177 770 1252 001.(0101);
794 1179 916 1250 Bessus,
947 1180 1184 1254 recuperationes
1213 1181 1398 1239 Fesulanae.

342 1265 451 1329 *3670
473 1296 517 1306 -
537 1261 632 1338 pridie
655 1263 723 1320 Kal.
746 1262 809 1322 Oct.
832 1263 886 1336 (30
908 1264 1012 1339 Sept.):
1034 1263 1228 1323 Herodianus.
1251 1265 1365 1330 *8468

302 1356 392 1424 1494,
417 1356 456 1412 10
478 1349 550 1405 luio:
572 1347 715 1406 Albertus
737 1349 783 1420 M,
805 1348 882 1406 virtu
905 1347 941 1406 de
963 1347 1053 1407 herbe
1076 1366 1092 1407 e
1114 1349 1214 1424 prede.
1249 1357 1321 1414 544.

302 1440 393 1508 1495,
417 1441 466 1497 12.
487 1433 556 1490 Κο1.
578 1431 664 1490 Febr.
687 1432 738 1506 (21
761 1432 853 1508 Jan.):
875 1433 964 1490 Alex.
981 1433 1092 1507 Callus,
1115 1433 1288 1494 doctrinale.
1320 1443 1396 1500 670.

301 1516 394 1600 Regii,
420 1524 514 1582 1495:
538 1517 647 1591 Cicero,
670 1516 833 1575 denatura
856 1517 983 1577 deorum.
1017 1525 1108 1582 5832.
1489 1531 1490 1556 ³

303 1611 397 1668 1498:
421 1603 530 1676 Cicero,
553 1601 590 1660 de
612 1605 717 1660 natura
739 1601 867 1661 deorum.
897 1602 1005 1667 *5333

303 1696 393 1762 1499,
416 1697 444 1752 3.
466 1688 534 1746 Kal.
557 1688 640 1744 Mart.
663 1688 715 1760 (27
739 1687 849 1762 Fcere:
874 1687 984 1760 Cicero,
1006 1687 1043 1746 de
1066 1687 1255 1748 divinatione.
1279 1689 1393 1754 *5338

341 1809 384 1817 -
407 1780 434 1838 5.
450 1772 492 1830 Id.
508 1773 600 1846 Mart,
623 1778 651 1834 4.
674 1771 716 1830 ld.
732 1772 813 1848 Apu,
839 1779 886 1835 12.
901 1773 969 1831 Kal.
985 1773 1042 1832 Jul.
1066 1774 1116 1846 (11
1134 1775 1225 1848 Mart,
1251 1780 1291 1838 10
1306 1775 1394 1850 Apr,

344 1866 384 1923 20
405 1859 496 1934 100.);
519 1857 629 1931 Cicero,
652 1855 689 1915 de
711 1856 772 1915 fato
795 1861 849 1916 etc.
879 1857 987 1922 *5344
1490 1877 1491 1880 ’

469 1955 553 2008 *1934
570 1953 694 2022 impensa
712 1954 856 2008 Benedicti
874 1954 909 2008 de
927 1954 1071 2008 Hectoreis
1089 1953 1199 2009 librarii.

153 2052 159 2058 ’
215 2079 252 2138 de
274 2075 480 2157 Baralioril,
502 2077 664 2152 Baralierc,
687 2080 716 2135 et
737 2077 857 2152 Angelo
879 2076 916 2136 de
938 2077 1076 2151 Rugierii.

301 2162 465 2240 Bononiae,
491 2167 585 2225 1487:
608 2161 767 2236 Laudinus,
789 2161 957 2220 formulario
980 2161 1010 2220 di
1032 2163 1164 2237 epistole.
1200 2169 1291 2227 9858.

216 2283 253 2342 de
276 2277 489 2360 BazeleriiS,
512 2280 550 2340 de
571 2281 727 2356 Banalerii,
749 2281 927 2354 Bazalerius,
950 2281 1095 2355 Caligula,
1116 2281 1317 2341 Bononiensis.

303 2364 467 2444 Bononiae,
491 2383 511 2425 s.
535 2385 574 2424 a:
598 2365 793 2441 Calphurnius
816 2368 845 2424 et
866 2367 1065 2424 Nemesianus.
1098 2371 1191 2429 4274.

304 2460 397 2517 1495:
421 2454 537 2526 Bessus,
560 2469 653 2510 sermo
671 2452 702 2508 in
717 2449 824 2510 Christi
838 2451 1010 2525 passionem.
1044 2456 1194 2515 3679-
1216 2452 1285 2513 Kal.
1300 2453 1389 2529 Apa:

342 2537 513 2612 Beroaldus,
536 2536 573 2595 de
595 2535 743 2594 felicitate.
774 2535 882 2599 *2968

303 2630 402 2698 1498,
426 2629 466 2688 28
488 2623 584 2681 Mart:
615 2621 822 2696 Hieronymus,
852 2621 956 2695 regola
985 2637 1067 2680 come
1088 2620 1189 2680 vivere
1212 2621 1337 2681 debiano
1360 2624 1391 2682 le

343 2707 572 2768 sanctimoniale.
606 2711 697 2770 8573.
719 2704 878 2780 -pridie
899 2705 968 2762 Kal.
991 2703 1110 2776 Quintil.
1133 2705 1187 2779 (30
1208 2707 1301 2781 luni:
1324 2708 1389 2767 Sta-

342 2798 404 2852 tuta
427 2791 585 2852 communis
608 2790 735 2850 Cenuae.
765 2787 894 2854 *15007.

303 2885 396 2943 1499:
420 2878 530 2952 Cicero,
552 2876 590 2935 de
611 2873 724 2934 finibus.
758 2881 849 2939 5331.
887 2873 922 2934 01.
945 2874 1053 2938 *5344

216 2994 258 3060 Β.
274 2994 318 3060 D.
336 2994 376 3060 V.
401 2995 436 3056 ci.
460 2995 496 3054 de
518 2992 645 3069 Unckel,
667 2992 916 3052 Bartholomaeus.

215 3128 472 3209 Beokenhaub,
506 3129 703 3205 Beckenhub,
735 3128 900 3202 lohannes,
941 3128 1035 3188 dietus
1067 3127 1198 3186 Mentzer
1230 3128 1267 3187 cf.
1300 3130 1388 3207 Dold,

343 3220 455 3291 Reyser
477 3221 506 3274 et
528 3214 722 3286 Beckeuhub3
745 3215 861 3272 Hnsner
883 3217 912 3272 et
934 3211 1126 3284 Beckenhub3
1153 3213 1388 3291 Sensenschmid,

343 3302 417 3376 Joh,
439 3305 469 3360 et
490 3299 680 3360 Beckenhub.

217 3439 254 3499 de
276 3435 355 3520 Bel,
377 3439 441 3513 Bel,
462 3437 621 3497 lohannes.

302 3538 329 3586 s.
353 3524 382 3601 1.,
408 3530 498 3598 1481,
523 3529 570 3586 12.
593 3522 661 3580 Kal.
683 3520 749 3578 Jun.
773 3521 824 3594 (21
848 3519 942 3595 Μο]1);
964 3517 1114 3576 Diuruale.
1148 3522 1238 3580 6289.

303 3605 463 3687 Coloniae,
498 3614 594 3681 1482,
619 3614 635 3670 7
658 3607 746 3666 Nova
769 3605 902 3679 Magistri
924 3609 953 3662 et
975 3602 1088 3663 consilii
1109 3599 1262 3676 hospitalis
1284 3603 1387 3663 Hiero-

345 3694 508 3768 solym...
531 3693 689 3751 instructio
720 3691 849 3754 *10468
1493 3723 1495 3808 ,

215 3810 411 3894 Βο1101110,
434 3812 600 3888 Belliortis,
622 3811 776 3885 Andreas,
798 3809 869 3868 civis
891 3809 1093 3881 Ferrariensis,
1115 3803 1252 3864 Andreas
1275 3806 1386 3884 Gallus,
1488 3809 1495 3888 ,³

344 3900 484 3959 Gallicus.

304 3982 472 4063 ferrariae,
496 4003 517 4044 0.
540 4003 578 4042 a:
601 3981 797 4054 Collenucius,
820 3978 956 4037 Pliniana
978 3977 1117 4036 defensio.
1148 3977 1255 4040 *5483

304 4079 394 4147 1471,
419 4078 457 4135 19
481 4068 556 4130 001.;
580 4070 681 4142 Datus,
704 4065 909 4140 elegantiolae.
943 4069 1034 4126 5988.

305 4164 399 4221 1472:
423 4157 488 4216 Cer.
512 4153 722 4227 Cremonensis,
743 4150 874 4210 theorica
895 4150 1086 4224 planetarum.
1121 4153 1211 4211 5824.
1234 4181 1277 4190 -
1299 4147 1385 4209 Sacro

345 4244 443 4318 Busto,
465 4258 538 4316 opus
553 4239 743 4315 sphaericum.
773 4241 885 4299 14100.
899 4267 943 4276 -
964 4233 1078 4308 Statius,
1093 4231 1251 4292 Achilleis.
1277 4240 1384 4299 14985.

344 4361 387 4370 -
410 4335 427 4392 6
450 4327 492 4386 10.
515 4327 579 4386 Jan.
603 4324 634 4399 (8
656 4323 747 4399 Jau.):
770 4322 900 4395 Hermes,
922 4317 1086 4378 Pimander.
1118 4323 1209 4382 8457.
